@book{pallas2012sensors,
  title={Sensors and signal conditioning},
  author={Pallas-Areny, Ramon and Webster, John G},
  year={2012},
  publisher={John Wiley \& Sons}
}

@book{fraden2016handbook,
  title={Handbook of modern sensors: physics, designs, and applications},
  author={Fraden, Jacob},
  year={2016},
  publisher={Cham: Springer}
}